
@article{xin_topological_2020,
	title = {Topological mechanical metamaterials: {A} brief review},
	volume = {24},
	issn = {1359-0286},
	url = {https://dx.doi.org/10.1016/j.cossms.2020.100853},
	doi = {10.1016/j.cossms.2020.100853},
	number = {5},
	journal = {Current Opinion in Solid State and Materials Science},
	author = {Xin, Li and Siyuan, Yu and Harry, Liu and Minghui, Lu and Yanfeng, Chen},
	year = {2020},
	note = {Publisher: Elsevier BV},
	keywords = {topo-matter},
	pages = {100853},
	file = {Xin et al. - 2020 - Topological mechanical metamaterials A brief revi.pdf:/Users/dmmbanga/Zotero/storage/6BC3GLW4/Xin et al. - 2020 - Topological mechanical metamaterials A brief revi.pdf:application/pdf},
}

@article{bardeen_theory_1957,
	title = {Theory of {Superconductivity}},
	volume = {108},
	issn = {0031-899X},
	url = {https://dx.doi.org/10.1103/physrev.108.1175},
	doi = {10.1103/physrev.108.1175},
	number = {5},
	journal = {Physical Review},
	author = {Bardeen, J. and Cooper, L. N. and Schrieffer, J. R.},
	year = {1957},
	note = {Publisher: American Physical Society (APS)},
	pages = {1175--1204},
	file = {Bardeen et al. - 1957 - Theory of Superconductivity.pdf:/Users/dmmbanga/Zotero/storage/PXY7WMFX/Bardeen et al. - 1957 - Theory of Superconductivity.pdf:application/pdf},
}

@article{hohenberg_introduction_2015,
	title = {An introduction to the {Ginzburg}–{Landau} theory of phase transitions and nonequilibrium patterns},
	volume = {572},
	issn = {0370-1573},
	url = {https://dx.doi.org/10.1016/j.physrep.2015.01.001},
	doi = {10.1016/j.physrep.2015.01.001},
	journal = {Physics Reports},
	author = {Hohenberg, P.C. and Krekhov, A.P.},
	year = {2015},
	note = {Publisher: Elsevier BV},
	pages = {1--42},
	file = {Hohenberg and Krekhov - 2015 - An introduction to the Ginzburg–Landau theory of p.pdf:/Users/dmmbanga/Zotero/storage/Z2UQCXE5/Hohenberg and Krekhov - 2015 - An introduction to the Ginzburg–Landau theory of p.pdf:application/pdf},
}

@article{barber_phase_1980,
	title = {Phase transitions in two dimensions},
	volume = {59},
	issn = {0370-1573},
	url = {https://dx.doi.org/10.1016/0370-1573(80)90026-5},
	doi = {10.1016/0370-1573(80)90026-5},
	number = {4},
	journal = {Physics Reports},
	author = {Barber, Michael N.},
	year = {1980},
	note = {Publisher: Elsevier BV},
	pages = {375--409},
	file = {Barber - 1980 - Phase transitions in two dimensions.pdf:/Users/dmmbanga/Zotero/storage/X39ZITHB/Barber - 1980 - Phase transitions in two dimensions.pdf:application/pdf},
}

@article{haim_time-reversal-invariant_2019,
	title = {Time-reversal-invariant topological superconductivity in one and two dimensions},
	volume = {825},
	issn = {0370-1573},
	url = {https://dx.doi.org/10.1016/j.physrep.2019.08.002},
	doi = {10.1016/j.physrep.2019.08.002},
	journal = {Physics Reports},
	author = {Haim, Arbel and Oreg, Yuval},
	year = {2019},
	note = {Publisher: Elsevier BV},
	pages = {1--48},
	file = {Haim and Oreg - 2019 - Time-reversal-invariant topological superconductiv.pdf:/Users/dmmbanga/Zotero/storage/HI6SRG8D/Haim and Oreg - 2019 - Time-reversal-invariant topological superconductiv.pdf:application/pdf},
}

@article{bradley_nobel_2016,
	title = {Nobel {Prizes} 2016},
	volume = {19},
	issn = {1369-7021},
	url = {https://dx.doi.org/10.1016/j.mattod.2016.11.013},
	doi = {10.1016/j.mattod.2016.11.013},
	number = {10},
	journal = {Materials Today},
	author = {Bradley, David},
	year = {2016},
	note = {Publisher: Elsevier BV},
	pages = {553},
	file = {Bradley - 2016 - Nobel Prizes 2016.pdf:/Users/dmmbanga/Zotero/storage/YK5ZR4BB/Bradley - 2016 - Nobel Prizes 2016.pdf:application/pdf},
}

@article{wen_colloquium_2017,
	title = {Colloquium : {Zoo} of quantum-topological phases of matter},
	volume = {89},
	issn = {0034-6861},
	url = {https://dx.doi.org/10.1103/revmodphys.89.041004},
	doi = {10.1103/revmodphys.89.041004},
	number = {4},
	journal = {Reviews of Modern Physics},
	author = {Wen, Xiao-Gang},
	year = {2017},
	note = {Publisher: American Physical Society (APS)},
	file = {Wen - 2017 - Colloquium  Zoo of quantum-topological phases of .pdf:/Users/dmmbanga/Zotero/storage/GWW25KVG/Wen - 2017 - Colloquium  Zoo of quantum-topological phases of .pdf:application/pdf},
}

@article{zhang_towards_2018,
	title = {Towards the manipulation of topological states of matter: a perspective from electron transport},
	volume = {63},
	issn = {2095-9273},
	url = {https://dx.doi.org/10.1016/j.scib.2018.04.007},
	doi = {10.1016/j.scib.2018.04.007},
	number = {9},
	journal = {Science Bulletin},
	author = {Zhang, Cheng and Lu, Hai-Zhou and Shen, Shun-Qing and Chen, Yong P. and Xiu, Faxian},
	year = {2018},
	note = {Publisher: Elsevier BV},
	pages = {580--594},
	file = {Zhang et al. - 2018 - Towards the manipulation of topological states of .pdf:/Users/dmmbanga/Zotero/storage/78XILU2B/Zhang et al. - 2018 - Towards the manipulation of topological states of .pdf:application/pdf},
}

@article{hu_evidence_2020,
	title = {Evidence of the {Berezinskii}-{Kosterlitz}-{Thouless} phase in a frustrated magnet},
	volume = {11},
	issn = {2041-1723},
	url = {https://dx.doi.org/10.1038/s41467-020-19380-x},
	doi = {10.1038/s41467-020-19380-x},
	number = {1},
	journal = {Nature Communications},
	author = {Hu, Ze and Ma, Zhen and Liao, Yuan-Da and Li, Han and Ma, Chunsheng and Cui, Yi and Shangguan, Yanyan and Huang, Zhentao and Qi, Yang and Li, Wei and Meng, Zi Yang and Wen, Jinsheng and Yu, Weiqiang},
	year = {2020},
	note = {Publisher: Springer Science and Business Media LLC},
	file = {Hu et al. - 2020 - Evidence of the Berezinskii-Kosterlitz-Thouless ph.pdf:/Users/dmmbanga/Zotero/storage/Y4ZKSRVV/Hu et al. - 2020 - Evidence of the Berezinskii-Kosterlitz-Thouless ph.pdf:application/pdf},
}

@article{pithis_phase_2018,
	title = {Phase transitions in group field theory: {The} {Landau} perspective},
	volume = {98},
	issn = {2470-0010},
	url = {https://dx.doi.org/10.1103/physrevd.98.126006},
	doi = {10.1103/physrevd.98.126006},
	number = {12},
	journal = {Physical Review D},
	author = {Pithis, Andreas G. A. and Thürigen, Johannes},
	year = {2018},
	note = {Publisher: American Physical Society (APS)},
	file = {Pithis-2018-Phase-transitions-in-group-field-th (1):/Users/dmmbanga/Zotero/storage/LAZIGVCZ/Pithis-2018-Phase-transitions-in-group-field-th (1).pdf:application/pdf},
}

@article{hasan_colloquium_2010,
	title = {Colloquium: {Topological} insulators},
	volume = {82},
	issn = {0034-6861},
	url = {https://dx.doi.org/10.1103/revmodphys.82.3045},
	doi = {10.1103/revmodphys.82.3045},
	number = {4},
	journal = {Reviews of Modern Physics},
	author = {Hasan, M. Z. and Kane, C. L.},
	year = {2010},
	note = {Publisher: American Physical Society (APS)},
	pages = {3045--3067},
	file = {Hasan and Kane - 2010 - Colloquium Topological insulators.pdf:/Users/dmmbanga/Zotero/storage/PGTBWE9D/Hasan and Kane - 2010 - Colloquium Topological insulators.pdf:application/pdf},
}

@article{avron_topological_2003,
	title = {A {Topological} {Look} at the {Quantum} {Hall} {Effect}},
	volume = {56},
	issn = {0031-9228},
	url = {https://dx.doi.org/10.1063/1.1611351},
	doi = {10.1063/1.1611351},
	number = {8},
	journal = {Physics Today},
	author = {Avron, Joseph E. and Osadchy, Daniel and Seiler, Ruedi},
	year = {2003},
	note = {Publisher: AIP Publishing},
	pages = {38--42},
	file = {Avron et al. - 2003 - A Topological Look at the Quantum Hall Effect.pdf:/Users/dmmbanga/Zotero/storage/LZUFTYDT/Avron et al. - 2003 - A Topological Look at the Quantum Hall Effect.pdf:application/pdf},
}

@article{kane_z2topological_2005,
	title = {{Z2Topological} {Order} and the {Quantum} {Spin} {Hall} {Effect}},
	volume = {95},
	issn = {0031-9007},
	url = {https://dx.doi.org/10.1103/physrevlett.95.146802},
	doi = {10.1103/physrevlett.95.146802},
	number = {14},
	journal = {Physical Review Letters},
	author = {Kane, C. L. and Mele, E. J.},
	year = {2005},
	note = {Publisher: American Physical Society (APS)},
	file = {Kane and Mele - 2005 - Z2Topological Order and the Quantum Spin Hall Effe.pdf:/Users/dmmbanga/Zotero/storage/VC6J67KI/Kane and Mele - 2005 - Z2Topological Order and the Quantum Spin Hall Effe.pdf:application/pdf},
}

@article{laughlin_quantized_1981,
	title = {Quantized {Hall} conductivity in two dimensions},
	volume = {23},
	issn = {0163-1829},
	url = {https://dx.doi.org/10.1103/physrevb.23.5632},
	doi = {10.1103/physrevb.23.5632},
	number = {10},
	journal = {Physical Review B},
	author = {Laughlin, R. B.},
	year = {1981},
	note = {Publisher: American Physical Society (APS)},
	pages = {5632--5633},
	file = {Laughlin - 1981 - Quantized Hall conductivity in two dimensions.pdf:/Users/dmmbanga/Zotero/storage/W8FINBN2/Laughlin - 1981 - Quantized Hall conductivity in two dimensions.pdf:application/pdf},
}

@article{thouless_quantized_1982,
	title = {Quantized {Hall} {Conductance} in a {Two}-{Dimensional} {Periodic} {Potential}},
	volume = {49},
	issn = {0031-9007},
	url = {https://dx.doi.org/10.1103/physrevlett.49.405},
	doi = {10.1103/physrevlett.49.405},
	number = {6},
	journal = {Physical Review Letters},
	author = {Thouless, D. J. and Kohmoto, M. and Nightingale, M. P. and Den Nijs, M.},
	year = {1982},
	note = {Publisher: American Physical Society (APS)},
	pages = {405--408},
	file = {Thouless et al. - 1982 - Quantized Hall Conductance in a Two-Dimensional Pe.pdf:/Users/dmmbanga/Zotero/storage/QFYNV897/Thouless et al. - 1982 - Quantized Hall Conductance in a Two-Dimensional Pe.pdf:application/pdf},
}

@article{haldane_model_1988,
	title = {Model for a {Quantum} {Hall} {Effect} without {Landau} {Levels}: {Condensed}-{Matter} {Realization} of the "{Parity} {Anomaly}"},
	volume = {61},
	issn = {0031-9007},
	url = {https://dx.doi.org/10.1103/physrevlett.61.2015},
	doi = {10.1103/physrevlett.61.2015},
	number = {18},
	journal = {Physical Review Letters},
	author = {Haldane, F. D. M.},
	year = {1988},
	note = {Publisher: American Physical Society (APS)},
	pages = {2015--2018},
	file = {Haldane - 1988 - Model for a Quantum Hall Effect without Landau Lev.pdf:/Users/dmmbanga/Zotero/storage/3DG835P6/Haldane - 1988 - Model for a Quantum Hall Effect without Landau Lev.pdf:application/pdf},
}

@article{konig_quantum_2007,
	title = {Quantum {Spin} {Hall} {Insulator} {State} in {HgTe} {Quantum} {Wells}},
	volume = {318},
	issn = {0036-8075},
	url = {https://dx.doi.org/10.1126/science.1148047},
	doi = {10.1126/science.1148047},
	number = {5851},
	journal = {Science},
	author = {Konig, M. and Wiedmann, S. and Brune, C. and Roth, A. and Buhmann, H. and Molenkamp, L. W. and Qi, X.-L. and Zhang, S.-C.},
	year = {2007},
	note = {Publisher: American Association for the Advancement of Science (AAAS)},
	pages = {766--770},
	file = {Konig et al. - 2007 - Quantum Spin Hall Insulator State in HgTe Quantum .pdf:/Users/dmmbanga/Zotero/storage/D5X8624H/Konig et al. - 2007 - Quantum Spin Hall Insulator State in HgTe Quantum .pdf:application/pdf},
}

@article{fu_topological_2007,
	title = {Topological {Insulators} in {Three} {Dimensions}},
	volume = {98},
	issn = {0031-9007},
	url = {https://dx.doi.org/10.1103/physrevlett.98.106803},
	doi = {10.1103/physrevlett.98.106803},
	number = {10},
	journal = {Physical Review Letters},
	author = {Fu, Liang and Kane, C. L. and Mele, E. J.},
	year = {2007},
	note = {Publisher: American Physical Society (APS)},
	file = {Fu et al. - 2007 - Topological Insulators in Three Dimensions.pdf:/Users/dmmbanga/Zotero/storage/GZICS3F9/Fu et al. - 2007 - Topological Insulators in Three Dimensions.pdf:application/pdf},
}

@article{moore_topological_2007,
	title = {Topological invariants of time-reversal-invariant band structures},
	volume = {75},
	issn = {1098-0121},
	url = {https://dx.doi.org/10.1103/physrevb.75.121306},
	doi = {10.1103/physrevb.75.121306},
	number = {12},
	journal = {Physical Review B},
	author = {Moore, J. E. and Balents, L.},
	year = {2007},
	note = {Publisher: American Physical Society (APS)},
	file = {Moore and Balents - 2007 - Topological invariants of time-reversal-invariant .pdf:/Users/dmmbanga/Zotero/storage/DPZPIUFX/Moore and Balents - 2007 - Topological invariants of time-reversal-invariant .pdf:application/pdf},
}

@article{zhang_direct_2009,
	title = {Direct observation of a widely tunable bandgap in bilayer graphene},
	volume = {459},
	issn = {0028-0836},
	url = {https://dx.doi.org/10.1038/nature08105},
	doi = {10.1038/nature08105},
	number = {7248},
	journal = {Nature},
	author = {Zhang, Yuanbo and Tang, Tsung-Ta and Girit, Caglar and Hao, Zhao and Martin, Michael C. and Zettl, Alex and Crommie, Michael F. and Shen, Y. Ron and Wang, Feng},
	year = {2009},
	note = {Publisher: Springer Science and Business Media LLC},
	pages = {820--823},
	file = {Zhang-2009-Direct-observation-of-a-widely-tuna:/Users/dmmbanga/Zotero/storage/J63S28AJ/Zhang-2009-Direct-observation-of-a-widely-tuna.pdf:application/pdf},
}
