
@article{xin_topological_2020,
	title = {Topological mechanical metamaterials: A brief review},
	volume = {24},
	issn = {1359-0286},
	url = {https://dx.doi.org/10.1016/j.cossms.2020.100853},
	doi = {10.1016/j.cossms.2020.100853},
	pages = {100853},
	number = {5},
	journaltitle = {Current Opinion in Solid State and Materials Science},
	shortjournal = {Current Opinion in Solid State and Materials Science},
	author = {Xin, Li and Siyuan, Yu and Harry, Liu and Minghui, Lu and Yanfeng, Chen},
	date = {2020},
	note = {Publisher: Elsevier {BV}},
	keywords = {topo-matter},
	file = {Xin et al. - 2020 - Topological mechanical metamaterials A brief revi.pdf:/Users/dmmbanga/Zotero/storage/6BC3GLW4/Xin et al. - 2020 - Topological mechanical metamaterials A brief revi.pdf:application/pdf},
}

@article{bardeen_theory_1957,
	title = {Theory of Superconductivity},
	volume = {108},
	issn = {0031-899X},
	url = {https://dx.doi.org/10.1103/physrev.108.1175},
	doi = {10.1103/physrev.108.1175},
	pages = {1175--1204},
	number = {5},
	journaltitle = {Physical Review},
	shortjournal = {Physical Review},
	author = {Bardeen, J. and Cooper, L. N. and Schrieffer, J. R.},
	date = {1957},
	note = {Publisher: American Physical Society ({APS})},
	file = {Bardeen et al. - 1957 - Theory of Superconductivity.pdf:/Users/dmmbanga/Zotero/storage/PXY7WMFX/Bardeen et al. - 1957 - Theory of Superconductivity.pdf:application/pdf},
}

@article{hohenberg_introduction_2015,
	title = {An introduction to the Ginzburg–Landau theory of phase transitions and nonequilibrium patterns},
	volume = {572},
	issn = {0370-1573},
	url = {https://dx.doi.org/10.1016/j.physrep.2015.01.001},
	doi = {10.1016/j.physrep.2015.01.001},
	pages = {1--42},
	journaltitle = {Physics Reports},
	shortjournal = {Physics Reports},
	author = {Hohenberg, P.C. and Krekhov, A.P.},
	date = {2015},
	note = {Publisher: Elsevier {BV}},
	file = {Hohenberg and Krekhov - 2015 - An introduction to the Ginzburg–Landau theory of p.pdf:/Users/dmmbanga/Zotero/storage/Z2UQCXE5/Hohenberg and Krekhov - 2015 - An introduction to the Ginzburg–Landau theory of p.pdf:application/pdf},
}

@article{barber_phase_1980,
	title = {Phase transitions in two dimensions},
	volume = {59},
	issn = {0370-1573},
	url = {https://dx.doi.org/10.1016/0370-1573(80)90026-5},
	doi = {10.1016/0370-1573(80)90026-5},
	pages = {375--409},
	number = {4},
	journaltitle = {Physics Reports},
	shortjournal = {Physics Reports},
	author = {Barber, Michael N.},
	date = {1980},
	note = {Publisher: Elsevier {BV}},
	file = {Barber - 1980 - Phase transitions in two dimensions.pdf:/Users/dmmbanga/Zotero/storage/X39ZITHB/Barber - 1980 - Phase transitions in two dimensions.pdf:application/pdf},
}

@article{haim_time-reversal-invariant_2019,
	title = {Time-reversal-invariant topological superconductivity in one and two dimensions},
	volume = {825},
	issn = {0370-1573},
	url = {https://dx.doi.org/10.1016/j.physrep.2019.08.002},
	doi = {10.1016/j.physrep.2019.08.002},
	pages = {1--48},
	journaltitle = {Physics Reports},
	shortjournal = {Physics Reports},
	author = {Haim, Arbel and Oreg, Yuval},
	date = {2019},
	note = {Publisher: Elsevier {BV}},
	file = {Haim and Oreg - 2019 - Time-reversal-invariant topological superconductiv.pdf:/Users/dmmbanga/Zotero/storage/HI6SRG8D/Haim and Oreg - 2019 - Time-reversal-invariant topological superconductiv.pdf:application/pdf},
}

@article{bradley_nobel_2016,
	title = {Nobel Prizes 2016},
	volume = {19},
	issn = {1369-7021},
	url = {https://dx.doi.org/10.1016/j.mattod.2016.11.013},
	doi = {10.1016/j.mattod.2016.11.013},
	pages = {553},
	number = {10},
	journaltitle = {Materials Today},
	shortjournal = {Materials Today},
	author = {Bradley, David},
	date = {2016},
	note = {Publisher: Elsevier {BV}},
	file = {Bradley - 2016 - Nobel Prizes 2016.pdf:/Users/dmmbanga/Zotero/storage/YK5ZR4BB/Bradley - 2016 - Nobel Prizes 2016.pdf:application/pdf},
}

@article{wen_colloquium_2017,
	title = {Colloquium : Zoo of quantum-topological phases of matter},
	volume = {89},
	issn = {0034-6861},
	url = {https://dx.doi.org/10.1103/revmodphys.89.041004},
	doi = {10.1103/revmodphys.89.041004},
	number = {4},
	journaltitle = {Reviews of Modern Physics},
	shortjournal = {Reviews of Modern Physics},
	author = {Wen, Xiao-Gang},
	date = {2017},
	note = {Publisher: American Physical Society ({APS})},
	file = {Wen - 2017 - Colloquium  Zoo of quantum-topological phases of .pdf:/Users/dmmbanga/Zotero/storage/GWW25KVG/Wen - 2017 - Colloquium  Zoo of quantum-topological phases of .pdf:application/pdf},
}

@article{zhang_towards_2018,
	title = {Towards the manipulation of topological states of matter: a perspective from electron transport},
	volume = {63},
	issn = {2095-9273},
	url = {https://dx.doi.org/10.1016/j.scib.2018.04.007},
	doi = {10.1016/j.scib.2018.04.007},
	pages = {580--594},
	number = {9},
	journaltitle = {Science Bulletin},
	shortjournal = {Science Bulletin},
	author = {Zhang, Cheng and Lu, Hai-Zhou and Shen, Shun-Qing and Chen, Yong P. and Xiu, Faxian},
	date = {2018},
	note = {Publisher: Elsevier {BV}},
	file = {Zhang et al. - 2018 - Towards the manipulation of topological states of .pdf:/Users/dmmbanga/Zotero/storage/78XILU2B/Zhang et al. - 2018 - Towards the manipulation of topological states of .pdf:application/pdf},
}

@article{hu_evidence_2020,
	title = {Evidence of the Berezinskii-Kosterlitz-Thouless phase in a frustrated magnet},
	volume = {11},
	issn = {2041-1723},
	url = {https://dx.doi.org/10.1038/s41467-020-19380-x},
	doi = {10.1038/s41467-020-19380-x},
	number = {1},
	journaltitle = {Nature Communications},
	shortjournal = {Nature Communications},
	author = {Hu, Ze and Ma, Zhen and Liao, Yuan-Da and Li, Han and Ma, Chunsheng and Cui, Yi and Shangguan, Yanyan and Huang, Zhentao and Qi, Yang and Li, Wei and Meng, Zi Yang and Wen, Jinsheng and Yu, Weiqiang},
	date = {2020},
	note = {Publisher: Springer Science and Business Media {LLC}},
	file = {Hu et al. - 2020 - Evidence of the Berezinskii-Kosterlitz-Thouless ph.pdf:/Users/dmmbanga/Zotero/storage/Y4ZKSRVV/Hu et al. - 2020 - Evidence of the Berezinskii-Kosterlitz-Thouless ph.pdf:application/pdf},
}